<?xml version="1.0" encoding="UTF-8"?><collection xmlns="http://www.loc.gov/MARC21/slim"><record><leader>00402nam--2200157-i-4500</leader><controlfield tag="001">000013552</controlfield><controlfield tag="002">20161230</controlfield><controlfield tag="005">20170115220451</controlfield><controlfield tag="008">060222s1000------------r-----000-0-eng-d</controlfield><datafield ind1=" " ind2=" " tag="080"><subfield code="a">577.38(061.3)</subfield></datafield><datafield ind1=" " ind2=" " tag="245"><subfield code="a">Biophysical and biochemical information transfer in recognition</subfield></datafield><datafield ind1=" " ind2=" " tag="260"><subfield code="a">1977</subfield></datafield><datafield ind1=" " ind2=" " tag="300"><subfield code="a">XVII + 875 p</subfield></datafield><datafield ind1=" " ind2=" " tag="700"><subfield code="a">Jenses, Elwood V</subfield></datafield><datafield ind1=" " ind2=" " tag="852"><subfield code="a">48932</subfield></datafield><datafield ind1=" " ind2=" " tag="CAT"><subfield code="a">SYS</subfield><subfield code="c">20170115</subfield><subfield code="h">220451</subfield></datafield></record></collection>